@ARTICLE{dumitriu,
  author = {Ioana Dumitriu and Alan Edelman},
  title = {Matrix Models of Beta Ensembles},
  journal = {Journal of Mathematical Physics 43, 5830},
  year = {2018},
  pages = {1--5}
}

@BOOK{tao,
  author = {Terence Tao},
  title = {Introduction to Random Matrix Theory},
  journal = {Graduate Studies in Mathematics, Vol. 132},
  year = {2012},
  pages = {217--230},
  publisher = {American Mathematical Society}
}

@BOOK{blitz,
  author = {Jessica Hwang and Joseph K. Blitzstein},
  title = {Introduction to Probability},
  year = {2019},
  publisher = {CRC Press, Taylor and Francis Group}
}

@BOOK{oxford,
  author = {Gernot Akemann, Jinho Baik, and Philippe Di Francesco},
  title = {Oxford Handbook of Random Matrix Theory},
  year = {2015},
  publisher = {Oxford University Press}
}

@BOOK{mahta,
  author = {Madan Lal Mehta},
  title = {Random Matrices, 3rd Edition (Vol. 142)},
  year = {2004},
  pages = {13},
  publisher = {Academic Press},
  isbn = {9780080474113}
}

@BOOK{invitiation,
  author = {Steven J. Miller and Ramin Takloo-Bighash},
  title = {An Invitation to Modern Number Theory},
  year = {2004},
  publisher = {Academic Press}
}

@BOOK{wigneratom,
  author = {Eugene Wigner},
  title = {Characteristic Vectors of Bordered Matrices with Infinite Dimensions},
  year = {1955},
  pages = {548-562},
  journal = {Annals of Mathematics, Vol. 62, No. 3}
}

@BOOK{meyer,
  author = {Carl Meyer},
  title = {Matrix analysis and applied linear algebra},
  year = {2004},
  pages = {661-667},
}

@book{dummit,
	author = {Dummit, D.S. and Foote, R.M.},
	edition = {3},
	publisher = {Wiley},
	title = {{Abstract Algebra, 3rd Edition}},
	year = {2003},
}

@book{horn,
	author = {Horn, R.A.},
	edition = {2},
	publisher = {Cambridge University Press},
	title = {{Matrix Analysis}},
	year = {2012},
	pages = {227,538}
}
